<record><leader>00000cas a22000007a 4500</leader><controlfield tag="001">27691795</controlfield><controlfield tag="008">930308c19879999nmuen ne      0    0eng d</controlfield><datafield ind1=" " ind2=" " tag="010"><subfield code="a">sn 93061622 </subfield></datafield><datafield ind1=" " ind2=" " tag="040"><subfield code="a">NVM</subfield><subfield code="b">eng</subfield><subfield code="c">NVM</subfield><subfield code="d">OCLCQ</subfield><subfield code="d">OCLCO</subfield></datafield><datafield ind1="1" ind2=" " tag="029"><subfield code="a">AU@</subfield><subfield code="b">000020744023</subfield></datafield><datafield ind1=" " ind2=" " tag="042"><subfield code="a">msc</subfield></datafield><datafield ind1=" " ind2=" " tag="043"><subfield code="a">n-us-nm</subfield></datafield><datafield ind1="0" ind2=" " tag="130"><subfield code="a">Mustang (Silver City, N.M. : 1987)</subfield></datafield><datafield ind1="1" ind2="4" tag="245"><subfield code="a">The Mustang.</subfield></datafield><datafield ind1=" " ind2=" " tag="260"><subfield code="a">[Silver City, N.M. :</subfield><subfield code="b">Students of Western New Mexico University]</subfield></datafield><datafield ind1=" " ind2=" " tag="300"><subfield code="a">v.</subfield></datafield><datafield ind1=" " ind2=" " tag="310"><subfield code="a">Biweekly</subfield></datafield><datafield ind1="1" ind2=" " tag="362"><subfield code="a">Began 1987.</subfield></datafield><datafield ind1=" " ind2=" " tag="588"><subfield code="a">Description based on: Sept. 25, 1987.</subfield></datafield><datafield ind1=" " ind2="4" tag="651"><subfield code="a">Silver City (N.M.)</subfield><subfield code="v">Newspapers.</subfield></datafield><datafield ind1=" " ind2="4" tag="651"><subfield code="a">Grant County (N.M.)</subfield><subfield code="v">Newspapers.</subfield></datafield><datafield ind1="2" ind2=" " tag="710"><subfield code="a">Western New Mexico University.</subfield></datafield><datafield ind1=" " ind2=" " tag="752"><subfield code="a">United States</subfield><subfield code="b">New Mexico</subfield><subfield code="c">Grant</subfield><subfield code="d">Silver City.</subfield></datafield><datafield ind1="0" ind2="0" tag="780"><subfield code="a">WNMU mustang</subfield><subfield code="w">(DLC)sn 93061621</subfield></datafield></record>